@ARTICLE{SLIC, 
author={R. Achanta and A. Shaji and K. Smith and A. Lucchi and P. Fua and S. Süsstrunk}, 
journal={IEEE Transactions on Pattern Analysis and Machine Intelligence}, 
title={SLIC Superpixels Compared to State-of-the-Art Superpixel Methods}, 
year={2012}, 
volume={34}, 
number={11}, 
pages={2274-2282},  
doi={10.1109/TPAMI.2012.120}, 
ISSN={0162-8828}, 
month={Nov},}

@INPROCEEDINGS{AHMED_SARMA, 
author={S. A. Ahmed and S. Dey and K. K. Sarma}, 
booktitle={2011 2nd National Conference on Emerging Trends and Applications in Computer Science}, 
title={Image texture classification using Artificial Neural Network (ANN)}, 
year={2011}, 
volume={}, 
number={}, 
pages={1-4}, 
doi={10.1109/NCETACS.2011.5751383}, 
ISSN={}, 
month={March},}

@Article{FELZENSZWALB,
author="Felzenszwalb, Pedro F. and Huttenlocher, Daniel P.",
title="Efficient Graph-Based Image Segmentation",
journal="International Journal of Computer Vision",
year="2004",
month="Sep",
day="01",
volume="59",
number="2",
pages="167--181",
issn="1573-1405",
doi="10.1023/B:VISI.0000022288.19776.77",
url="https://doi.org/10.1023/B:VISI.0000022288.19776.77"
}

@Article{CONTOUR,
title = "Efficient local and global contour detection based on superpixels",
journal = "Journal of Visual Communication and Image Representation",
volume = "48",
pages = "77 - 87",
year = "2017",
issn = "1047-3203",
doi = "https://doi.org/10.1016/j.jvcir.2017.06.005",
url = "http://www.sciencedirect.com/science/article/pii/S1047320317301372",
author = "Xuan-Yin Wang and Chang-Wei Wu and Ke Xiang and Wen Chen",
keywords = "Contour detection, Segmentation, Superpixels, Saliency object segmentation"
}

@Article{BSDS500,
 author = {Arbelaez, Pablo and Maire, Michael and Fowlkes, Charless and Malik, Jitendra},
 title = {Contour Detection and Hierarchical Image Segmentation},
 journal = {IEEE Trans. Pattern Anal. Mach. Intell.},
 issue_date = {May 2011},
 volume = {33},
 number = {5},
 month = may,
 year = {2011},
 issn = {0162-8828},
 pages = {898--916},
 numpages = {19},
 url = {http://dx.doi.org/10.1109/TPAMI.2010.161},
 doi = {10.1109/TPAMI.2010.161},
 acmid = {1963088},
 publisher = {IEEE Computer Society},
 address = {Washington, DC, USA},
 keywords = {Contour detection, image segmentation, computer vision.},
} 

@book{DOMINGUEZ,
  author = "Didier Domínguez and Roberto Rodríguez Morales",
  title = "Image Segmentation: Advances",
  year = "2016",
  volume = "1",
  number = "1",
  isbn = "1682500187",
  pages = "178"
}

@article{WANG201728,
title = "Superpixel segmentation: A benchmark",
journal = "Signal Processing: Image Communication",
volume = "56",
pages = "28 - 39",
year = "2017",
issn = "0923-5965",
doi = "https://doi.org/10.1016/j.image.2017.04.007",
url = "http://www.sciencedirect.com/science/article/pii/S0923596517300735",
author = "Murong Wang and Xiabi Liu and Yixuan Gao and Xiao Ma and Nouman Q. Soomro",
keywords = "Superpixel, Benchmark, Evaluation"
}

@article{SEISM,
author = {Jordi Pont-Tuset and Ferran Marques},
title = {Supervised Evaluation of Image Segmentation and Object Proposal Techniques},
journal = {IEEE Transactions on Pattern Analysis and Machine Intelligence (TPAMI)},
year = {2016},
volume = {38},
number = {7},
pages = {1465--1478}
}

@InProceedings{SILVIO_ZENILTON,
author="Guimar{\~a}es, Silvio Jamil F.
and Patroc{\'i}nio, Zenilton K. G.",
editor="Petrosino, Alfredo",
title="A Graph-Based Hierarchical Image Segmentation Method Based on a Statistical Merging Predicate",
booktitle="Image Analysis and Processing -- ICIAP 2013",
year="2013",
publisher="Springer Berlin Heidelberg",
address="Berlin, Heidelberg",
pages="11--20",
isbn="978-3-642-41181-6"
}

@INPROCEEDINGS{CONT_EMPIRICAL, 
author={P. Arbelaez and M. Maire and C. Fowlkes and J. Malik}, 
booktitle={2009 IEEE Conference on Computer Vision and Pattern Recognition}, 
title={From contours to regions: An empirical evaluation}, 
year={2009}, 
volume={}, 
number={}, 
pages={2294-2301},  
doi={10.1109/CVPR.2009.5206707}, 
ISSN={1063-6919}, 
month={June},}
